@inproceedings{ww2010,
 author = {Wu, Fei and Weld, Daniel S.},
 title = {{Open information extraction using Wikipedia}},
 booktitle = {Proceedings of the 48th Annual Meeting of the Association for Computational Linguistics},
 series = {ACL '10},
 year = {2010},
 pages = {118--127}
} 

@inproceedings{al2007,
 author = {Auer, S\"{o}ren and Lehmann, Jens},
 title = {{What have Innsbruck and Leipzig in common? Extracting semantics from wiki content}},
 booktitle = {{Proceedings of the 4th European conference on The Semantic Web: Research and Applications}},
 series = {ESWC '07},
 year = {2007},
 pages = {503--517}
}
@inproceedings{ww2007,
 author = {Wu, Fei and Weld, Daniel S.},
 title = {{Autonomously semantifying Wikipedia}},
 booktitle = {{Proceedings of the sixteenth ACM conference on Conference on information and knowledge management}},
 series = {CIKM '07},
 year = {2007},
 pages = {41--50}
}

@inproceedings{lbn2010,
 author = {Lange, Dustin and BÃ¶hm, Christoph and Naumann, Felix},
 title = {{Extracting structured information from Wikipedia articles to populate infoboxes}},
 booktitle = {{Proceedings of the 19th ACM international conference on Information and knowledge management}},
 series = {CIKM '10},
 year = {2010},
 pages = {1661--1664}
} 


